@InProceedings{Fluet-Pucella:2002,
  author    = "Matthew Fluet and Riccardo Pucella",
  title     = "Phantom Types and Subtyping",
  pages     = "448--460",
  url       = "http://www.cs.cornell.edu/riccardo/papers/pdf/tcs02.pdf",
  crossref  = "IFIP-TCS:2002",
}

@Proceedings{IFIP-TCS:2002,
  editor    = "Ricardo A. Baeza-Yates and Ugo Montanari and Nicola Santoro",
  title     = "IFIP International Conference on Theoretical Computer Science
                 (TCS 2002)",
  booktitle = "IFIP TCS",
  publisher = Kluwer,
  volume    = "223",
  year      = "2002",
}

@Book{Hansen-Rischel:1999,
   author    = "Michael R. Hansen and Hans Rischel",
   title     = "Introduction to Programming using {SML}",
   year      = "1999",
   publisher = "Addison-Wesley",
}

@Unpublished{Larsen:2001,
   author = "Ken Friis Larsen",
   title  = "A Tutorial on Integrating {C} Libraries into {Moscow ML}",
   url    = "http://www.it-c.dk/~kfl/mosmlinterface.ps",
   year   = "2001",
}

@Misc{Mosml-webpage:2003,
   key    = "Moscow ML",
   title  = "The {Moscow ML} web page",
   url    = "http://www.dina.kvl.dk/~sestoft/mosml.html",
   note   = "(Referred 2003/03/11)",
   year   = "2003",
}

@Misc{MLKit-webpage:2003,
   key    = "MLKit",
   title  = "The {MLKit} web page",
   url    = "http://www.it-c.dk/research/mlkit/",
   note   = "(Referred 2003/03/11)",
   year   = "2003",
}

@Misc{MLton-webpage:2003,
   key    = "MLton",
   title  = "The {MLton} web page",
   url    = "http://www.mlton.org/",
   note   = "(Referred 2003/03/11)",
   year   = "2003",
}

@Book{Paulson:1996,
   author    = "Larry Paulson",
   title     = "ML for the Working Programmer (2nd edition)",
   year      = "1996",
   publisher = "Cambridge University Press",
}


@Book{Milner:1997:Definition,
  author = 	"Robin Milner and Mads Tofte and Robert Harper and David MacQueen",
  title = 	"The Definition of Standard {ML} (Revised)",
  publisher = 	"The MIT Press",
  year = 	1997}

@inproceedings{Finne:1999:CallingHellFromHeaven,
    author = "Sigbjorn Finne and Daan Leijen and Erik Meijer and Simon L. Peyton Jones",
    title = "Calling Hell From Heaven and Heaven From Hell",
    booktitle = "International Conference on Functional Programming",
    pages = "114-125",
    year = 1999}
